<record><leader>00000cas a2200000 a 4500</leader><controlfield tag="001">811643623</controlfield><controlfield tag="006">m     o  d        </controlfield><controlfield tag="007">cr |||||||||||</controlfield><controlfield tag="008">121002d19341935ksuwr neo     0    0eng c</controlfield><datafield ind1=" " ind2=" " tag="010"><subfield code="a">  2013254035</subfield></datafield><datafield ind1=" " ind2=" " tag="040"><subfield code="a">AANWS</subfield><subfield code="b">eng</subfield><subfield code="c">AANWS</subfield><subfield code="d">CUS</subfield><subfield code="d">OCLCF</subfield><subfield code="d">OCLCO</subfield><subfield code="d">OCLCQ</subfield></datafield><datafield ind1=" " ind2=" " tag="042"><subfield code="a">pcc</subfield></datafield><datafield ind1=" " ind2=" " tag="043"><subfield code="a">n-us-ks</subfield></datafield><datafield ind1="1" ind2="4" tag="050"><subfield code="a">AN</subfield></datafield><datafield ind1="0" ind2=" " tag="130"><subfield code="a">Kansas eagle (Topeka, Kan.)</subfield></datafield><datafield ind1="1" ind2="0" tag="245"><subfield code="a">Kansas eagle.</subfield></datafield><datafield ind1=" " ind2=" " tag="260"><subfield code="3">1934- :</subfield><subfield code="a">Topeka, Kan. :</subfield><subfield code="b">[publisher not identified]</subfield></datafield><datafield ind1="3" ind2=" " tag="260"><subfield code="3">&lt;Apr. 25, 1935&gt;- :</subfield><subfield code="a">Topeka, Kan. :</subfield><subfield code="b">Eugene Lucas :</subfield><subfield code="b">The Eagle Pub. Co.</subfield></datafield><datafield ind1=" " ind2=" " tag="310"><subfield code="a">Weekly</subfield></datafield><datafield ind1=" " ind2=" " tag="336"><subfield code="a">text</subfield><subfield code="b">txt</subfield><subfield code="2">rdacontent</subfield></datafield><datafield ind1=" " ind2=" " tag="337"><subfield code="a">computer</subfield><subfield code="b">c</subfield><subfield code="2">rdamedia</subfield></datafield><datafield ind1=" " ind2=" " tag="338"><subfield code="a">online resource</subfield><subfield code="b">cr</subfield><subfield code="2">rdacarrier</subfield></datafield><datafield ind1="1" ind2=" " tag="362"><subfield code="a">Began in 1934; ceased in 1935?</subfield></datafield><datafield ind1=" " ind2=" " tag="588"><subfield code="a">Description based on: Vol. 3, no. 3 (Dec. 21, 1934); title from PDF masthead (Readex America's Historical Newspapers Web site, viewed Oct. 2, 2012).</subfield></datafield><datafield ind1=" " ind2=" " tag="588"><subfield code="a">Latest issue consulted: Vol. 3, no. 20 (Dec. 19, 1935) (viewed Oct. 2, 2012).</subfield></datafield><datafield ind1=" " ind2="0" tag="650"><subfield code="a">African Americans</subfield><subfield code="z">Kansas</subfield><subfield code="z">Topeka</subfield><subfield code="v">Newspapers.</subfield></datafield><datafield ind1=" " ind2="0" tag="650"><subfield code="a">African American newspapers</subfield><subfield code="z">Kansas</subfield><subfield code="z">Topeka.</subfield></datafield><datafield ind1=" " ind2="0" tag="651"><subfield code="a">Topeka (Kan.)</subfield><subfield code="v">Newspapers.</subfield></datafield><datafield ind1=" " ind2="7" tag="650"><subfield code="a">African American newspapers.</subfield><subfield code="2">fast</subfield><subfield code="0">(OCoLC)fst00799278</subfield></datafield><datafield ind1=" " ind2="7" tag="650"><subfield code="a">African Americans.</subfield><subfield code="2">fast</subfield><subfield code="0">(OCoLC)fst00799558</subfield></datafield><datafield ind1=" " ind2="7" tag="651"><subfield code="a">Kansas</subfield><subfield code="z">Topeka.</subfield><subfield code="2">fast</subfield><subfield code="0">(OCoLC)fst01207212</subfield></datafield><datafield ind1=" " ind2="7" tag="655"><subfield code="a">Newspapers.</subfield><subfield code="2">fast</subfield><subfield code="0">(OCoLC)fst01423814</subfield></datafield><datafield ind1=" " ind2=" " tag="752"><subfield code="a">United States</subfield><subfield code="b">Kansas</subfield><subfield code="c">Shawnee</subfield><subfield code="d">Topeka.</subfield></datafield><datafield ind1="0" ind2="8" tag="776"><subfield code="i">Print version:</subfield><subfield code="t">Kansas eagle (Topeka, Kan.)</subfield><subfield code="w">(DLC)sn 85067088</subfield><subfield code="w">(OCoLC)12770778</subfield></datafield><datafield ind1="0" ind2="0" tag="780"><subfield code="t">Kansas whip</subfield><subfield code="w">(DLC)  2013254044</subfield><subfield code="w">(OCoLC)664617338</subfield></datafield><datafield ind1="0" ind2="0" tag="785"><subfield code="t">Kansas American (Topeka, Kan.)</subfield><subfield code="w">(DLC)  2013254382</subfield><subfield code="w">(OCoLC)811641774</subfield></datafield><datafield ind1="4" ind2="0" tag="856"><subfield code="u">http://infoweb.newsbank.com/?db=EANX&amp;s_browseRef=decades/12ACD9E685B77CD5/all.xml</subfield></datafield></record>